%%%Calibre catalog
%%%8 entries in catalog

@book{ P.G.deGennes127,
    title = "Superconductivity of Metals and Alloys",
    author = "P. G. de Gennes",
    isbn = "978-08-1334-584-0",
    year = "1999",
    month = "mar",
    publisher = "Westview Press",
    identifiers = "google:ZMf\_ticFcWYC,isbn:9780813345840" }

@book{ H.Weinstock128,
    title = "Microwave Superconductivity",
    author = "H. Weinstock and Martin Nisenoff",
    isbn = "978-14-0200-446-9",
    year = "2002",
    month = "ene",
    publisher = "Springer",
    series = "Applied Sciences",
    identifiers = "google:VMKQZ2dGKd8C,isbn:9781402004469" }

@book{ Shu-AngZhou129,
    title = "Electrodynamics of Solids and Microwave Superconductivity",
    author = "Shu-Ang Zhou",
    isbn = "978-04-7135-440-6",
    year = "1999",
    month = "jul",
    publisher = "John Wiley \& Sons",
    identifiers = "google:0y04MnpntLYC,isbn:9780471354406" }

@book{ RainerWesche448,
    title = "High-Temperature Superconductors: Materials, Properties, and Applications",
    author = "Rainer Wesche",
    isbn = "978-07-9238-386-4",
    year = "1998",
    month = "nov",
    publisher = "Springer US",
    identifiers = "google:bCBTAAAAMAAJ,isbn:9780792383864" }

@book{ AlistairChristopherRose-Innes679,
    title = "Introduction to Superconductivity",
    author = "Alistair Christopher Rose-Innes and E. H. Rhoderick",
    isbn = "978-00-8021-651-5",
    year = "1978",
    month = "ago",
    publisher = "Pergamon Press",
    identifiers = "google:0CwbAQAAIAAJ,isbn:9780080216515" }

@book{ BSeeber680,
    title = "Handbook of Applied Superconductivity",
    author = "B Seeber",
    isbn = "978-07-5030-377-4",
    year = "1998",
    month = "ene",
    publisher = "CRC Press",
    identifiers = "google:OTWuJtmNGmEC,isbn:9780750303774" }

@book{ PaulSeidel683,
    title = "Applied Superconductivity: Handbook on Devices and Applications (Encyclopedia of Applied Physics)",
    author = "Paul Seidel",
    isbn = "978-35-2741-209-9",
    year = "2015",
    month = "mar",
    publisher = "Wiley-VCH",
    identifiers = "amazon:3527412093,isbn:9783527412099" }

@book{ MichaelTinkham685,
    title = "Introduction to Superconductivity",
    author = "Michael Tinkham",
    isbn = "978-00-7064-878-4",
    year = "1996",
    month = "sep",
    publisher = "McGraw Hill",
    identifiers = "google:XP\_uAAAAMAAJ,isbn:9780070648784" }

